@inproceedings{threshold,
author = {Hakeem, Abdul and Shah, Mohsin and Khan, Zakir and Qadi, Abdul and Amin, Noor},
year = {2014},
month = {11},
pages = {},
title = {Threshold Based LSB Audio Steganography},
doi = {10.13140/RG.2.1.2948.4000}
}

@INPROCEEDINGS{1286709,  author={N. {Cvejic} and T. {Seppanen}},  booktitle={International Conference on Information Technology: Coding and Computing, 2004. Proceedings. ITCC 2004.},  title={Increasing robustness of LSB audio steganography using a novel embedding method},   year={2004},  volume={2},  number={},  pages={533-537 Vol.2},}